<?xml version="1.0" encoding="UTF-8"?>
<record xmlns="http://www.loc.gov/MARC21/slim" xmlns:xsi="http://www.w3.org/2001/XMLSchema-instance" xsi:schemaLocation="http://www.loc.gov/MARC21/slim http://www.loc.gov/standards/marcxml/schema/MARC21slim.xsd">
<leader>     cam a2200421   4500</leader>
<controlfield tag="001">001676462</controlfield>
<controlfield tag="003">NNU</controlfield>
<controlfield tag="005">20001218185341.0</controlfield>
<controlfield tag="008">900906r19651866ir a     d    001 0 arard</controlfield>
<datafield tag="010" ind1=" " ind2=" ">
<subfield code="a">ne 66001504</subfield>
</datafield>
<datafield tag="025" ind1=" " ind2=" ">
<subfield code="a">PL480: UAR-6334</subfield>
</datafield>
<datafield tag="035" ind1="9" ind2=" ">
<subfield code="a">NYUb12219816</subfield>
</datafield>
<datafield tag="035" ind1=" " ind2=" ">
<subfield code="a">(CStRLIN)NHDG90-B19383</subfield>
</datafield>
<datafield tag="040" ind1=" " ind2=" ">
<subfield code="a">CU-SB</subfield>
<subfield code="c">CU-SB</subfield>
<subfield code="d">NhD</subfield>
</datafield>
<datafield tag="041" ind1="0" ind2=" ">
<subfield code="a">arager</subfield>
</datafield>
<datafield tag="043" ind1=" " ind2=" ">
<subfield code="a">aw-----</subfield>
<subfield code="a">ff-----</subfield>
</datafield>
<datafield tag="100" ind1="0" ind2=" ">
<subfield code="a">Yāqūt ibn ʻAbd Allāh al-Ḥamawī,</subfield>
<subfield code="d">1179?-1229.</subfield>
</datafield>
<datafield tag="240" ind1="1" ind2="0">
<subfield code="a">Muʻjam al-buldān</subfield>
</datafield>
<datafield tag="245" ind1="1" ind2="0">
<subfield code="a">Kitāb Muʻjam al-buldān,</subfield>
<subfield code="c">taʼlīf ... Shihāb al-Dīn Abī ʻAbd Allāh Yāqūt Ibn ʻAbd Allāh al-Ḥamawī al-Rūmī al-Baghdādī.</subfield>
</datafield>
<datafield tag="260" ind1=" " ind2=" ">
<subfield code="a">Tihrān,</subfield>
<subfield code="c">1965.</subfield>
</datafield>
<datafield tag="300" ind1=" " ind2=" ">
<subfield code="a">6 v.</subfield>
<subfield code="b">illus.</subfield>
<subfield code="c">25 cm.</subfield>
</datafield>
<datafield tag="490" ind1="1" ind2=" ">
<subfield code="a">Manshūrāt maktabat al-Asadī,</subfield>
<subfield code="v">raqm 7</subfield>
</datafield>
<datafield tag="500" ind1=" " ind2=" ">
<subfield code="a">Added t.p.: Jacut's Geographisches Wörterbuch, aus den Handschriften zu Berlin, St. Petersburg und Paris auf Kosten der Deutschen Morgenländischen Gesellschaft hrsg. von Ferdinand Wüstenfeld.</subfield>
</datafield>
<datafield tag="500" ind1=" " ind2=" ">
<subfield code="a">Includes indexes in v.6.</subfield>
</datafield>
<datafield tag="651" ind1=" " ind2="0">
<subfield code="a">Islamic Empire</subfield>
<subfield code="v">Gazetteers</subfield>
<subfield code="v">Early works to 1800.</subfield>
</datafield>
<datafield tag="650" ind1=" " ind2="0">
<subfield code="a">Geography, Arab.</subfield>
</datafield>
<datafield tag="650" ind1=" " ind2="0">
<subfield code="a">Geography, Medieval.</subfield>
</datafield>
<datafield tag="700" ind1="1" ind2=" ">
<subfield code="a">Wüstenfeld, Ferdinand,</subfield>
<subfield code="d">1808-1899.</subfield>
</datafield>
<datafield tag="740" ind1="0" ind2="1">
<subfield code="a">Jacut's Geographisches Wörterbuch.</subfield>
</datafield>
<datafield tag="830" ind1=" " ind2="0">
<subfield code="a">Asadi's publications series ;</subfield>
<subfield code="v">no. 7.</subfield>
</datafield>
<datafield tag="OWN" ind1=" " ind2=" ">
<subfield code="a">GENERAL</subfield>
</datafield>
<datafield tag="950" ind1=" " ind2=" ">
<subfield code="l">BMAIN</subfield>
<subfield code="a">G93</subfield>
<subfield code="b">.Y192</subfield>
</datafield>
<datafield tag="955" ind1=" " ind2=" ">
<subfield code="l">BMAIN</subfield>
<subfield code="c">1:v.1</subfield>
<subfield code="r">028838616</subfield>
</datafield>
<datafield tag="955" ind1=" " ind2=" ">
<subfield code="l">BMAIN</subfield>
<subfield code="c">1:v.2</subfield>
<subfield code="r">011046797</subfield>
</datafield>
<datafield tag="955" ind1=" " ind2=" ">
<subfield code="l">BMAIN</subfield>
<subfield code="c">1:v.3</subfield>
<subfield code="r">011046805</subfield>
</datafield>
<datafield tag="955" ind1=" " ind2=" ">
<subfield code="l">BMAIN</subfield>
<subfield code="c">1:v.4</subfield>
<subfield code="r">011046813</subfield>
</datafield>
<datafield tag="955" ind1=" " ind2=" ">
<subfield code="l">BMAIN</subfield>
<subfield code="c">1:v.5</subfield>
<subfield code="r">028838558</subfield>
</datafield>
<datafield tag="955" ind1=" " ind2=" ">
<subfield code="l">BMAIN</subfield>
<subfield code="c">1:v.6</subfield>
<subfield code="r">028838491</subfield>
</datafield>
<datafield tag="987" ind1=" " ind2=" ">
<subfield code="a">match points : missing?</subfield>
</datafield>
<datafield tag="998" ind1=" " ind2=" ">
<subfield code="s">9114</subfield>
</datafield>
<datafield tag="AVA" ind1=" " ind2=" ">
<subfield code="a">NYU50</subfield>
<subfield code="b">BOBST</subfield>
<subfield code="c">Main Collection</subfield>
<subfield code="d">G93 .Y192</subfield>
<subfield code="e">unavailable</subfield>
<subfield code="t">Unavailable</subfield>
<subfield code="f">6</subfield>
<subfield code="g">6</subfield>
<subfield code="h">Y</subfield>
<subfield code="i">0</subfield>
<subfield code="j">MAIN</subfield>
<subfield code="k">0</subfield>
</datafield>
</record>
